@article{mohle1998,
  title={Robustness results for the coalescent},
  author={M{\"o}hle, Martin},
  journal={Journal of applied probability},
  volume={35},
  number={2},
  pages={438--447},
  year={1998},
  publisher={Cambridge University Press}
}

@book{wakeley2009,
  title={Coalescent theory: an introduction},
  author={Wakeley, John},
  number={575: 519.2 WAK},
  year={2009}
}

@article{koskela2018,
  title={Asymptotic genealogies of interacting particle systems with an application to sequential Monte Carlo},
  author={Koskela, Jere and Jenkins, Paul A and Johansen, Adam M and Spano, Dario},
  journal={arXiv preprint arXiv:1804.01811},
  year={2018}
}

@article{kingman1982,
  title={On the genealogy of large populations},
  author={Kingman, John FC},
  journal={Journal of Applied Probability},
  volume={19},
  number={A},
  pages={27--43},
  year={1982},
  publisher={Cambridge University Press}
}

@article{andrieu2010,
  title={Particle markov chain monte carlo methods},
  author={Andrieu, Christophe and Doucet, Arnaud and Holenstein, Roman},
  journal={Journal of the Royal Statistical Society: Series B (Statistical Methodology)},
  volume={72},
  number={3},
  pages={269--342},
  year={2010},
  publisher={Wiley Online Library}
}

@inproceedings{douc2005,
  title={Comparison of resampling schemes for particle filtering},
  author={Douc, Randal and Capp{\'e}, Olivier},
  booktitle={Image and Signal Processing and Analysis, 2005. ISPA 2005. Proceedings of the 4th International Symposium on},
  pages={64--69},
  year={2005},
  organization={IEEE}
}